@manual{träge,
	organization = {TU Dortmund, Fakultät Physik},
	title = {Anleitung zu Versuch 101,
			 Das Trägheitsmoment},
	year = 2022
}
@manual{magnetisch,
	organization = {TU Dortmund, Fakultät Physik},
	title = {Anleitung zu Versuch 105,
			 Das Magnetische Moment},
	year = 2022
}
@manual{wärme,
	organization = {\mbox{TU Dortmund}, Fakultät Physik},
	title = {Anleitung zu Versuch 203,
			 Verdampfungswärme und Dampfdruckkurve},
	year = 2022
}
@manual{pumpe,
	organization = {TU Dortmund, Fakultät Physik},
	title = {Anleitung zu Versuch 206,
			 Die Wärmepumpe},
	year = 2022
}
@manual{viskos,
	organization = {TU Dortmund, Fakultät Physik},
	title = {Anleitung zu Versuch 207,
			 Das Kugelfall\hspace{0.3ex}-\hspace{-0.3ex}Viskosimeter nach Höppler},
	year = 2022
}
@manual{brücke,
	organization = {TU Dortmund, Fakultät Physik},
	title = {Anleitung zu Versuch 302,
			 Elektrische Brückenschaltungen},
	year = 2022
}
@manual{lock-in,
	organization = {TU Dortmund, Fakultät Physik},
	title = {Anleitung zu Versuch 303,
			 Der Lock\hspace{0.15ex}-\hspace{-0.15ex}In\hspace{0.15ex}-\hspace{-0.45ex}Verstärker},
	year = 2022
}
@manual{fourier,
	organization = {TU Dortmund, Fakultät Physik},
	title = {Anleitung zu Versuch 351,
			 Fourier-Analyse und Synthese},
	year = 2022
}
@manual{relax,
	organization = {TU Dortmund, Fakultät Physik},
	title = {Anleitung zu Versuch 353,
			 Das Relaxationsverhalten eines RC\hspace{0.15ex}-\hspace{-0.1ex}Kreises},
	year = 2022
}
@manual{reflex,
	organization = {TU Dortmund, Fakultät Physik},
	title = {Anleitung zu Versuch 400,
			 Reflexion, Brechung und Beugung},
	year = 2023
}
@manual{michelson,
	organization = {TU Dortmund, Fakultät Physik},
	title = {Anleitung zu Versuch 401,
			 Das Michelson-Interferometer},
	year = 2023
}
@manual{fresnel,
	organization = {TU Dortmund, Fakultät Physik},
	title = {Anleitung zu Versuch 407,
			 Fresnelsche Formeln},
	year = 2023
}
@manual{photo,
	organization = {TU Dortmund, Fakultät Physik},
	title = {Anleitung zu Versuch 500,
			 Der Photoeffekt},
	year = 2023
}
@manual{millikan,
	organization = {TU Dortmund, Fakultät Physik},
	title = {Anleitung zu Versuch 503,
			 Der Millikan-Öltröpfchenversuch},
	year = 2023
}
@manual{elektron,
	organization = {TU Dortmund, Fakultät Physik},
	title = {Anleitung zu Versuch 504,
			 Thermische Elektronenemission},
	year = 2023
}
@manual{franck,
	organization = {TU Dortmund, Fakultät Physik},
	title = {Anleitung zu Versuch 601,
			 Der Franck-Hertz Versuch},
	year = 2023
}
@manual{röntgen,
	organization = {TU Dortmund, Fakultät Physik},
	title = {Anleitung zu Versuch 602,
			 Röntgenemission und -absorption},
	year = 2023
}
@manual{paramagnet,
	organization = {TU Dortmund, Fakultät Physik},
	title = {Anleitung zu Versuch 606,
			 Suszeptibilität paramagnetischer Stoffe},
	year = 2023
}
@manual{alpha,
	organization = {TU Dortmund, Fakultät Physik},
	title = {Anleitung zu Versuch 701,
			 Reichweite von Alpha-Strahlung},
	year = 2023
}
@manual{neutron,
	organization = {TU Dortmund, Fakultät Physik},
	title = {Anleitung zu Versuch 702,
			 Aktivierung mit Neutronen},
	year = 2023
}
@manual{geiger,
	organization = {TU Dortmund, Fakultät Physik},
	title = {Anleitung zu Versuch 703,
			 Das Geiger-Müller Zählrohr},
	year = 2023
}
@manual{scan,
	organization = {TU Dortmund, Fakultät Physik},
	title = {Anleitung zu Ultraschall 1,
			 Scanverfahren mit Ultraschall},
	year = 2023
}
@manual{doppler,
	organization = {TU Dortmund, Fakultät Physik},
	title = {Anleitung zu Ultraschall 3,
			 Dopplersonographie},
	year = 2023
}
@manual{faraday,
	organization = {TU Dortmund, Fakultät Physik},
	title = {Anleitung zu Versuch 46,
			 Der Faraday-Effekt},
	year = 2024
}
@manual{germanium,
	organization = {TU Dortmund, Fakultät Physik},
	title = {Anleitung zu Versuch 18,
			 Der Germanium-Detektor},
	year = 2024
}
@manual{diode_laser,
	organization = {TU Dortmund, Department of Physics},
	title = {Manual for Experiment 60,
			 Diode Laser Spectroscopy},
	year = 2024
}
@manual{pumpen,
	organization = {TU Dortmund, Fakultät Physik},
	title = {Anleitung zu Versuch 21,
			 Optisches Pumpen},
	year = 2024
}
@manual{molar_heat,
	organization = {TU Dortmund, Department of Physics},
	title = {Manual for Experiment 47,
			 Molar Heat of Copper},
	year = 2024
}
@manual{unsicher,
	organization = {TU Dortmund, Fakultät Physik},
	title = {Formelsammlung zur Berechnung von Messunsicherheiten},
	year = 2022
}
@online{brechungsindex,
	url				= {https://www.filmetrics.de/refractive-index-database/GaAs/Gallium-Arsenide},
	title 			= {Brechungsindex von Gallium Arsenid},
	year			= {2024},
	organization	= {Filmetrics}
}
@online{phys_const,
	url 			= {https://physics.nist.gov/cuu/Constants/Table/allascii.txt},
	title 			= {Fundamental Physical Constants},
	year			= {2018},
	organization	= {National Institute of Standards {and} Technology},
}
@online{c_cl2_f2,
	url				= {https://webbook.nist.gov/cgi/inchi/InChI%3D1S/CCl2F2/c2-1(3%2C4)5},
	title			= {Dichlorodif\hspace{0.1ex}luoromethane},
	year			= {2021},
	organization	= {National Institute of Standards {and} Technology},
}
@online{h2_o,
	url				= {https://webbook.nist.gov/cgi/inchi/InChI%3D1S/H2O/h1H2},
	title			= {Water},
	year			= {2021},
	organization	= {National Institute of Standards {and} Technology},
}
@online{52_v,
	url				= {https://www.nndc.bnl.gov/nudat},
	title			= {Ground and isomeric state information for Vanadium-52},
	year			= {2023},
	organization	= {National Nuclear Data Center. Information extracted from the NuDat database},
	version			= {3.0},
}
@online{erdmagnetfeldstärke,
	url = {https://www.lanuv.nrw.de/umwelt/strahlung/licht-elektrosmog/elektromagnetische-felder-elektrosmog/feldstaerken},
	title = {Feldstärken},
	year = {2024},
    organization = {LANUV},
}
@online{104_rh,
	url				= {https://www.nndc.bnl.gov/nudat},
	title			= {Ground and isomeric state information for Rhodium-104},
	year			= {2023},
	organization	= {National Nuclear Data Center. Information extracted from the NuDat database},
	version			= {3.0},
}
@online{204_tl,
	url				= {https://www.nndc.bnl.gov/nudat},
	title			= {Ground and isomeric state information for Thallium-204},
	year			= {2023},
	organization	= {National Nuclear Data Center. Information extracted from the NuDat database},
	version			= {3.0},
}
@online{wiki_band,
	url				= {https://en.wikipedia.org/wiki/file:band_filling_diagram.svg},
	title			= {Valence and Conduction Bands},
	year			= {2013},
}
@online{Gammaspektrum,
	url				= {https://www.leifiphysik.de/kern-teilchenphysik/radioaktivitaet-fortfuehrung/versuche/gammaspektrum-von-cs-137},
	title			= {Gammaspektrum von Cs-137},
	year			= 2024,
	organization	= {Joachim Herz Stiftung},
}
@online{nudat,
	url				= {https://www.nndc.bnl.gov/nudat},
	title			= {NuDat database},
	year			= {2024},
	organization	= {National Nuclear Data Center},
	version			= {3.0},
}
@online{iaea_recom,
	url				= {https://www-nds.iaea.org/xgamma_standards/genergies1.htm},
	title			= {Recommended gamma-ray energies and emission probabilities ordered by radionuclide},
	year			= {2024},
	organization	= {IAEA},
}
@online{gamma_uran,
	url				= {https://de.wikipedia.org/wiki/Datei:Gammaspektrum_Uranerz.jpg},
	title			= {Gammaspektrum Uranerz},
	year			= {2024},
	organization	= {Wikipedia},
}
@online{rubidium,
	url				= {https://www.spektrum.de/lexikon/physik/rubidium/12616},
	title			= {Rubidium},
	year			= {2024},
	organization	= {Spektrum},
}
@online{what-when-how,
	url				= {https://what-when-how.com/electronic-properties-of-materials/thermal-properties-of-materials/},
	title			= {Thermal Properties of Materials},
	year			= {2024},
	organization	= {what-when-how},
}
@online{kupfer,
    url = {https://kupfer.de/kupferwerkstoffe/kupfer/eigenschaften/},
	title = {Kupfer},
	subtitle = {Eigenschaften},
	year = {2024},
	organization = {Kupferverband e.V},
}
@online{chemie_kupfer,
	url = {https://www.chemie.de/lexikon/Kupfer.html},
	title = {Kupfer},
	year = {2024},
	organization = {Chemie.de},
}
@online{perioden_kupfer,
	url = {https://www.periodensystem-online.de/index.php?id=modify&el=29},
	title = {Kupfer},
	year = {2024},
	organization = {Periodensystem.info},
}
@book{ste_mal_compounds,
	title		= {Handbook of the Thermodynamics of Organic Compounds},
	author		= {Stephenson, Richard M. and Malanowski, Stanislaw},
	doi			= {10.1007/978-94-009-3173-2},
	publisher	= {Elsevier Science Publishing},
	isbn		= {978-94-009-3173-2},
	year		= {1987},
}
@book{dem_exp_1,
	title		= {Experimentalphysik 1},
	subtitle	= {Mechanik und Wärme},
	author		= {Demtröder, Wolfgang},
	series		= {Springer-Lehrbuch},
	doi			= {https://doi.org/10.1007/978-3-662-62728-0},
	publisher	= {Springer Spektrum Berlin, Heidelberg},
	isbn		= {978-3-662-62728-0},
	edition		= {9},
	year		= {2021,}
}
@book{kohl_prak_1,
	title		= {Praktische Physik},
	author		= {Kohlrausch, Friedrich},
	volume		= {1},
	edition		= {24},
	publisher	= {Teubner},
	year		= {1996},
}
@book{gamma_ray,
	title		= {Practical Gamma-ray Spectrometry},
	author		= {G.Gilmore},
	edition		= {2},
	publisher   = {Wiley},
	year		= {2008},
}
@book{Kalibration,
	title 		= {X-ray and gamma-ray standards for detector calibration},
	organization = {IAEA},
	publisher 	= {IAEA},
	year		= {1991},

}
@book{teilchendetektoren,
	title		= {Teilchendetektoren},
	subtitle 	= {Grundlagen und Anwendungen},
	author		= {Hermann Kolanoski und Norbert Wermes},
	publisher	= {Springer},
	year		= {2016},

}
@book{GrossMarx+2022,
url			= {https://doi.org/10.1515/9783110782394},
title		= {Festkörperphysik},
author		= {Rudolf Gross and Achim Marx},
publisher	= {De Gruyter Oldenbourg},
address		= {Berlin, Boston},
doi			= {doi:10.1515/9783110782394},
isbn		= {9783110782394},
year		= {2022},
}
@inbook{dem_exp_1_8,
	title			= {Strömende Flüssigkeiten und Gase},
	author			= {Demtröder, Wolfgang},
	chapter			= {8},
	booktitle		= {Experimentalphysik 1},
	booksubtitle	= {Mechanik und Wärme},
	bookauthor		= {Wolfgang Demtröder},
	series			= {Springer-Lehrbuch},
	doi				= {https://doi.org/10.1007/978-3-662-62728-0},
	publisher		= {Springer Spektrum Berlin, Heidelberg},
	isbn			= {978-3-662-62728-0},
	edition			= {9},
	year			= {2021},
}
@inbook{kohl_prak_1_dens,
	title		= {Dichte von luftfreiem Wasser bei \qty{101.325}{\kilo\pascal} als Funktion der Celsiustemperatur},
	author		= {Spieweck, Frank},
	chapter		= {3: Wärme},
	booktitle	= {Praktische Physik},
	bookauthor	= {Kohlrausch, Friedrich},
	volume		= {1},
	edition		= {24},
	publisher	= {Teubner},
	pages		= {349--350},
	year		= {1996},
}
@inbook{kohl_prak_1_prop,
	title 		= {\hspace{-0.3ex}Verschiedene Eigenschaften von Wasser und Wasserdampf bei \qty{0.1}{\mega\pascal}},
	author		= {Blanke, Walter},
	chapter		= {3: Wärme},
	booktitle	= {Praktische Physik},
	bookauthor	= {Kohlrausch, Friedrich},
	volume		= {1},
	edition		= {24},
	publisher	= {Teubner},
	pages		= {351},
	year		= {1996},
}
@inbook{lid_chem_phy,
	title 		= {Speed of Sound in Various Media},
	note		= {Section 14: Geophysics, Astronomy, and Acoustics},
	booktitle	= {CRC Handbook of Chemistry and Physics},
	bookauthor	= {David R. Lide},
	publisher	= {CRC Press, Boca Raton, Florida},
	pages		= {42},
	year		= {2005},
}
@inbook{coh_jam_el,
	title 		= {Band Structure of Gallium Arsenide},
	booktitle	= {Electronic Structure and Optical Properties of Semiconductors},
	bookauthor	= {Cohen, Marvin L. and Chelikowsky, James R.},
	publisher	= {Springer Berlin, Heidelberg},
	pages		= {103},
	year		= {1988},
    doi         = {https://doi.org/10.1007/978-3-642-97080-1},
    isbn        = {978-3-642-97080-1},
}
@article{hop_riv_work_function,
	doi			= {10.1088/0370-1328/81/3/129},
	url			= {https://dx.doi.org/10.1088/0370-1328/81/3/129},
	year		= {1963},
	month		= {mar},
	publisher	= {},
	volume		= {81},
	number		= {3},
	pages		= {590-592},
	author		= {B. J. Hopkins and J. C. Rivière},
	title		= {The Work Function of Polycrystalline Tungsten Foil},
	journal		= {Proceedings of the Physical Society},
}
@article{str_mac_swa_work_function,
	title		= {Work function measurements by the field emission retarding potential method},
	journal		= {Surface Science},
	volume		= {34},
	number		= {2},
	pages		= {225-248},
	year		= {1973},
	issn		= {0039-6028},
	doi			= {https://doi.org/10.1016/0039-6028(73)90117-9},
	url			= {https://www.sciencedirect.com/science/article/pii/0039602873901179},
	author		= {R.W. Strayer and W. Mackie and L.W. Swanson},
}
@article{mal_fused_silica,
author		= {I. H. Malitson},
journal		= {J. Opt. Soc. Am.},
number		= {10},
pages		= {1205--1209},
publisher	= {Optica Publishing Group},
title		= {Interspecimen Comparison of the Refractive Index of Fused Silica},
volume		= {55},
month		= {Oct},
year		= {1965},
url			= {https://opg.optica.org/abstract.cfm?URI=josa-55-10-1205},
doi			= {10.1364/JOSA.55.001205},
}
@article{asp_the_silicon,
doi			= {10.1149/1.2129899},
url			= {https://dx.doi.org/10.1149/1.2129899},
year		= {1980},
month		= {jun},
publisher	= {The Electrochemical Society, Inc.},
volume		= {127},
number		= {6},
pages		= {1359},
author		= {D. E. Aspnes and J. B. Theeten},
title		= {Spectroscopic Analysis of the Interface Between Silicon and Its Thermally Grown Oxide},
journal		= {Journal of The Electrochemical Society},
}
@article{franck_hertz,
author	= {Franck, J. and Hertz, G.},
title	= {Über Zusammenstöße zwischen Elektronen und den Molekülen des Quecksilberdampfes und die Ionisierungsspannung desselben},
journal	= {Physikalische Blätter},
volume	= {23},
number	= {7},
pages	= {294-301},
doi		= {https://doi.org/10.1002/phbl.19670230702},
url		= {https://onlinelibrary.wiley.com/doi/abs/10.1002/phbl.19670230702},
eprint	= {https://onlinelibrary.wiley.com/doi/pdf/10.1002/phbl.19670230702},
year	= {1967}
}
@article{PhysRev.114.59,
  title = {Infrared Absorption and Electron Effective Mass in $n$-Type Gallium Arsenide},
  author = {Spitzer, W. G. and Whelan, J. M.},
  journal = {Phys. Rev.},
  volume = {114},
  issue = {1},
  pages = {59--63},
  numpages = {0},
  year = {1959},
  month = {Apr},
  publisher = {American Physical Society},
  doi = {10.1103/PhysRev.114.59},
  url = {https://link.aps.org/doi/10.1103/PhysRev.114.59}
}
